% This file was created with JabRef 2.5.
% Encoding: UTF-8

@BOOK{msp430,
  title = {MSP430 Microcontroller Basics},
  publisher = {1rd},
  editor = {Editora Newnes},
  author = {Jonh Davies},
  owner = {luiz},
  timestamp = {2012.01.09}
}

@manual{ti_exemplos,
	title  = "\href{http://www.ti.com/litv/zip/slac485a}{Texas Instruments-MSP430G2x53, MSP430G2x33, MSP430G2x13, MSP430G2x03 Code Examples (Rev. A)}",
	author = "Texas Instruments",
	url    = "\url{http://www.ti.com/litv/zip/slac485a}"
    }
    
@manual{cdh,
	title  = "\href{http://www.clubedohardware.com.br/artigos/Como-Conversores-Analogico-Digital-Funcionam/1307/2}{Clube do Hardware}",
	author = "Gabriel Torres",
	url    = "\url{http://www.clubedohardware.com.br/artigos/Como-Conversores\-Analogico\-Digital\-Funcionam/1307/2}"
    }

@manual{Wikipedia,
	title  = "\href{http://en.wikipedia.org/wiki/Analog-to-digital_converter}{Analog-to-digital converter}",
	author = "Wikipedia",
	url    = "\url{http://en.wikipedia.org/wiki/Analog-to-digital_converter}"
    }


